<?xml version="1.0" encoding="UTF-8"?><record xmlns="http://www.loc.gov/MARC21/slim" xmlns:cinclude="http://apache.org/cocoon/include/1.0" xmlns:zs="http://www.loc.gov/zing/srw/">
  <leader>00622nz  a2200133n  4500</leader>
  <controlfield tag="001">n 2009031569</controlfield>
  <controlfield tag="003">DLC</controlfield>
  <controlfield tag="005">20090521075252.0</controlfield>
  <controlfield tag="008">090520n| acannaabn          |a aaa      </controlfield>
  <datafield tag="010" ind1=" " ind2=" ">
    <subfield code="a">n 2009031569</subfield>
  </datafield>
  <datafield tag="040" ind1=" " ind2=" ">
    <subfield code="a">DLC</subfield>
    <subfield code="b">eng</subfield>
    <subfield code="c">DLC</subfield>
  </datafield>
  <datafield tag="100" ind1="1" ind2=" ">
    <subfield code="a">Plashevskai︠a︡, A. A.</subfield>
    <subfield code="q">(Anastasii︠a︡ Anatolʹevna)</subfield>
  </datafield>
  <datafield tag="400" ind1="1" ind2=" ">
    <subfield code="a">Plashevskai︠a︡, Anastasii︠a︡ Anatolʹevna</subfield>
  </datafield>
  <datafield tag="670" ind1=" " ind2=" ">
    <subfield code="a">Sobiranie sudom dokazatelʹstv pri rassmotrenii dela po pervoĭ instant︠s︡ii v ugolovnom prot︠s︡esse Rossii, 2006:</subfield>
    <subfield code="b">t.p. (A.A. Plashevskai︠a︡) p. 4 of cover (Plashevskai︠a︡ Anastasii︠a︡ Anatolʹevna; kandidat i︠u︡ridicheskikh nauk)</subfield>
  </datafield>
</record>